<?xml version="1.0" encoding="utf-8"?>
<record xmlns="http://www.loc.gov/MARC21/slim" xmlns:xsi="http://www.w3.org/2001/XMLSchema-instance" xsi:schemaLocation="http://www.loc.gov/MARC21/slim http://www.loc.gov/standards/marcxml/schema/MARC21slim.xsd">
	<leader>     nam a22        4500</leader>
	<controlfield tag="001">001689257</controlfield>
	<controlfield tag="003">NNU</controlfield>
	<controlfield tag="006">m        d        </controlfield>
	<controlfield tag="007">cr cn |||m|||a</controlfield>
	<controlfield tag="008">150505s1895    ua      o     000 0 ara d</controlfield>
	<datafield ind1=" " ind2=" " tag="040">
		<subfield code="a">NNU</subfield>
		<subfield code="b">eng</subfield>
		<subfield code="c">NNU</subfield>
	</datafield>
	<datafield ind1=" " ind2="4" tag="050">
		<subfield code="a">BP130.4</subfield>
		<subfield code="b">.K36</subfield>
	</datafield>
	<datafield ind1=" " ind2=" " tag="066">
		<subfield code="c">(3</subfield>
	</datafield>
	<datafield ind1=" " ind2=" " tag="090">
		<subfield code="a">BP130.4</subfield>
		<subfield code="b">.K36</subfield>
	</datafield>
	<datafield ind1="1" ind2=" " tag="100">
		<subfield code="6">880-01</subfield>
		<subfield code="a">Khāzin al-Baghdādī, ʻAlī ibn Muḥammad,</subfield>
		<subfield code="d">1279 or 80-1341</subfield>
	</datafield>
	<datafield ind1="1" ind2="0" tag="240">
		<subfield code="6">880-02</subfield>
		<subfield code="a">Lubāb al-taʼwīl fī maʻānī al-tanzīl</subfield>
	</datafield>
	<datafield ind1="1" ind2="0" tag="245">
		<subfield code="6">880-03</subfield>
		<subfield code="a">Tafsīr al-Qurʼān al-musammá Lubāb al-taʼwīl fī maʻānī al -tanzīl</subfield>
		<subfield code="h">[electronic resource] /</subfield>
		<subfield code="c">taʼlīf ʻAlāʼ al-Dīn ʻAlī ibn Muḥammad ibn Ibrāhīm al -Baghdādī al-maʻrūf bi-al-Khāzin. Wa-bi-hāmishihi tafsīr Madārik al-tanzīl wa-ḥaqāʼiq al-taʼwīl / li-Abī al-Barakāt ʻAbd Allāh ibn Aḥmad ibn Maḥmūd al-Nasafī.</subfield>
	</datafield>
	<datafield ind1=" " ind2=" " tag="260">
		<subfield code="6">880-04</subfield>
		<subfield code="a">Miṣr :</subfield>
		<subfield code="b">al-Maṭbaʻah al-Azharīyah,</subfield>
		<subfield code="c">1895.</subfield>
	</datafield>
	<datafield ind1=" " ind2=" " tag="300">
		<subfield code="a">online resource (4 v.)</subfield>
	</datafield>
	<datafield ind1=" " ind2=" " tag="500">
		<subfield code="a">Part of the Arabic Collections Online (ACO) project, contributed by New York Univeristy Libraries.</subfield>
	</datafield>
	<datafield ind1=" " ind2=" " tag="533">
		<subfield code="a">Electronic reproduction.</subfield>
		<subfield code="b">New York, N.Y. :</subfield>
		<subfield code="c">New York University,</subfield>
		<subfield code="d">2015.</subfield>
		<subfield code="5">NNU</subfield>
	</datafield>
	<datafield ind1="0" ind2="0" tag="630">
		<subfield code="a">Koran</subfield>
		<subfield code="v">Commentaries.</subfield>
	</datafield>
	<datafield ind1="1" ind2="2" tag="700">
		<subfield code="6">880-05</subfield>
		<subfield code="a">Nasafī, ʻAbd Allāh ibn Aḥmad,</subfield>
		<subfield code="d">d. 1310</subfield>
		<subfield code="t">Madārik al-tanzīl wa-ḥaqāʼiq al-taʼwīl.</subfield>
	</datafield>
	<datafield ind1="2" ind2=" " tag="710">
		<subfield code="a">New York University.</subfield>
		<subfield code="b">Libraries.</subfield>
	</datafield>
	<datafield ind1="0" ind2=" " tag="730">
		<subfield code="a">Arabic Collections Online.</subfield>
	</datafield>
	<datafield ind1="0" ind2="8" tag="776">
		<subfield code="i">Print version:</subfield>
		<subfield code="a">Khāzin al-Baghdādī, ʻAlī ibn Muḥammad, 1279 or 80-1341 880-01</subfield>
		<subfield code="t">Tafsīr al-Qurʼān al-musammá Lubāb al-taʼwīl fī maʻānī al -tanzīl</subfield>
		<subfield code="w">(NNU)001689257</subfield>
	</datafield>
	<datafield ind1="4" ind2="0" tag="856">
		<subfield code="u">http://hdl.handle.net/2333.1/rn8pk31f</subfield>
	</datafield>
	<datafield ind1="1" ind2=" " tag="880">
		<subfield code="6">100-01/</subfield>
		<subfield code="a">خازن البغدادي، عبد الله بن محمد.</subfield>
	</datafield>
	<datafield ind1="1" ind2="0" tag="880">
		<subfield code="6">240-02/</subfield>
		<subfield code="a">لباب التأويل في معاني التنزيل</subfield>
	</datafield>
	<datafield ind1="1" ind2="0" tag="880">
		<subfield code="6">245-03/</subfield>
		<subfield code="a">تفسير القرآن المسمى لباب التأويل في معاني التنزيل /</subfield>
		<subfield code="c">تأليف علاء الدين علي بن محمد بن إبراهيم البغدادي المعروف بالخازن. وبهامشه تفسير مدارك التنزيل وحقائق التأويل / لأبى بركات عبد الله بن أحمد بن محمود النسفى.</subfield>
	</datafield>
	<datafield ind1=" " ind2=" " tag="880">
		<subfield code="6">260-04/</subfield>
		<subfield code="a">مصر :</subfield>
		<subfield code="b">المطبعة الأزهرية،</subfield>
		<subfield code="c">١٨٩٥.</subfield>
	</datafield>
	<datafield ind1="1" ind2="2" tag="880">
		<subfield code="6">700-05/</subfield>
		<subfield code="a">نسفي، عبد الله بن أحمد.</subfield>
		<subfield code="t">مدارك التنزيل وحقائق التأويل.</subfield>
	</datafield>
	<datafield ind1=" " ind2=" " tag="959">
		<subfield code="a">NNU</subfield>
		<subfield code="b">WEB</subfield>
		<subfield code="c">GENI</subfield>
		<subfield code="t">0</subfield>
		<subfield code="m">Electronic access</subfield>
		<subfield code="s">01</subfield>
	</datafield>
	<datafield ind1=" " ind2=" " tag="999">
		<subfield code="i">NNU_001689257</subfield>
		<subfield code="s">nyu_aco000150:v.1</subfield>
		<subfield code="s">nyu_aco000151:v.2</subfield>
		<subfield code="s">nyu_aco000152:v.3</subfield>
		<subfield code="s">nyu_aco000153:v.4</subfield>
	</datafield>
</record>
